% Encoding: UTF-8

@online{ddd_cxrs_edge,
  author       = {Zvonkov A. and Serov S. and Tugarinov S.},
  title        = {System Design Description (DDD) 55.EC CXRS Edge},
  howpublished = {\url{https://user.iter.org/?uid=79SL6Y}},
  day          = {3},
  month        = {4},
  year         = {2020},
  version      = {4.1}
}

@online{iter_abbr,
  title        = {ITER Abbreviations},
  howpublished = {\url{https://user.iter.org/?uid=2MU6W5}},
  day          = {27},
  month        = {3},
  year         = {2018},
  version      = {1.17}
}
