% Encoding: UTF-8

@article{sos,
  author  = {{von Hellermann}, Manfred and {de Bock}, Maarten and {Marchuk}, Oleksandr and {Reiter}, Detlev and {Serov}, Stanislav and {Walsh}, Michael},
  title   = {{Simulation of Spectra Code (SOS) for ITER Active Beam Spectroscopy}},
  journal = {Atoms},
  year    = 2019,
  month   = mar,
  volume  = {7},
  number  = {1},
  pages   = {30},
  doi     = {10.3390/atoms7010030},
  adsurl  = {https://ui.adsabs.harvard.edu/abs/2019Atoms...7...30V},
  adsnote = {Provided by the SAO/NASA Astrophysics Data System}
}

@software{raysect,
  author    = {Dr Alex Meakins and Matthew Carr},
  title     = {raysect/source: v0.5.2 Release},
  month     = aug,
  year      = 2018,
  publisher = {Zenodo},
  version   = {v0.5.2},
  doi       = {10.5281/zenodo.1341376},
  url       = {https://doi.org/10.5281/zenodo.1341376}
}

@software{cherab,
  author    = {Dr Carine Giroud and Dr Alex Meakins and Dr Matthew Carr and Dr Alfonso Baciero and Mr Corentin Bertrand},
  title     = {CHERAB Spectroscopy Modelling Framework},
  month     = mar,
  year      = 2018,
  publisher = {Zenodo},
  version   = {v0.1.0},
  doi       = {10.5281/zenodo.1206142},
  url       = {https://doi.org/10.5281/zenodo.1206142}
}

@manual{cherab_doc,
  title = {CHERABâ€™s documentation},
  url   = {https://cherab.github.io/documentation/index.html}
}